@InProceedings{kremer-EtAl:2014:EACL,
  author    = {Kremer, Gerhard  and  Erk, Katrin  and  Pad\'{o}, Sebastian  and  Thater, Stefan},
  title     = {What {S}ubstitutes {T}ell {U}s - {A}nalysis of an ``{A}ll-{W}ords" {L}exical {S}ubstitution {C}orpus},
  booktitle = {Proceedings of EACL},
  year      = {2014},
  address   = {Gothenburg, Sweden},
  pages     = {540--549},
  url       = {http://www.aclweb.org/anthology/E14-1057}
}
@article{ErketalCL2013,
title = "Measuring word meaning in context",
author = "Katrin Erk and Diana McCarthy and Nicholas Gaylord",
year = "2013",
month = "9",
volume = "39",
pages = "511--554",
journal = "Computational Linguistics",
publisher = "MIT Press Journals",
number = "3",
}
@InProceedings{pavlick-EtAl:2015:ACL-IJCNLP3,
  author    = {Pavlick, Ellie  and  Rastogi, Pushpendre  and  Ganitkevitch, Juri  and  Van Durme, Benjamin  and  Callison-Burch, Chris},
  title     = {{PPDB} 2.0: {B}etter paraphrase ranking, fine-grained entailment relations, word embeddings, and style classification},
  booktitle = {Proceedings of ACL/IJCNLP},
  year      = {2015},
  address   = {Beijing, China},
  pages     = {425--430},
  url       = {http://www.aclweb.org/anthology/P15-2070}
}
@InProceedings{li-jurafsky:2015:EMNLP,
  author    = {Li, Jiwei  and  Jurafsky, Dan},
  title     = {Do {M}ulti-{S}ense {E}mbeddings {I}mprove {N}atural {L}anguage {U}nderstanding?},
  booktitle = {Proceedings of the EMNLP},
  year      = {2015},
  address   = {Lisbon, Portugal},
  pages     = {1722--1732},
  url       = {http://aclweb.org/anthology/D15-1200}
}
@inproceedings{Liu:2015:TWE:2886521.2886657,
 author = {Liu, Yang and Liu, Zhiyuan and Chua, Tat-Seng and Sun, Maosong},
 title = {Topical Word Embeddings},
 booktitle = {Proceedings of the Twenty-Ninth AAAI Conference on Artificial Intelligence},
 series = {AAAI'15},
 year = {2015},
 isbn = {0-262-51129-0},
 location = {Austin, Texas},
 pages = {2418--2424},
 numpages = {7},
 url = {http://dl.acm.org/citation.cfm?id=2886521.2886657},
 acmid = {2886657},
 publisher = {AAAI Press},
} 
@InProceedings{iacobacci-pilehvar-navigli:2015:ACL-IJCNLP,
  author    = {Iacobacci, Ignacio  and  Pilehvar, Mohammad Taher  and  Navigli, Roberto},
  title     = {Sens{E}mbed: {L}earning {S}ense {E}mbeddings for {W}ord and {R}elational {S}imilarity},
  booktitle = {Proceedings of the ACL/IJCNLP},
  year      = {2015},
  address   = {Beijing, China},
  pages     = {95--105},
  url       = {http://www.aclweb.org/anthology/P15-1010}
}
@InProceedings{reisinger-mooney:2010:NAACLHLT,
  author    = {Reisinger, Joseph  and  Mooney, Raymond J.},
  title     = {Multi-{P}rototype {V}ector-{S}pace {M}odels of {W}ord {M}eaning},
  booktitle = {Proceedings of HLT/NAACL},
  year      = {2010},
  address   = {Los Angeles, California},
  pages     = {109--117},
  url       = {http://www.aclweb.org/anthology/N10-1013}
}
@InProceedings{huang-EtAl:2012:ACL20122,
  author    = {Huang, Eric  and  Socher, Richard  and  Manning, Christopher  and  Ng, Andrew},
  title     = {Improving {W}ord {R}epresentations via {G}lobal {C}ontext and {M}ultiple {W}ord {P}rototypes},
  booktitle = {Proceedings of the ACL (Volume 1: Long Papers)},
  year      = {2012},
  address   = {Jeju Island, Korea},
  pages     = {873--882},
  url       = {http://www.aclweb.org/anthology/P12-1092}
}
@InProceedings{roller-erk:2016:EMNLP2016,
  author    = {Roller, Stephen  and  Erk, Katrin},
  title     = {Relations such as Hypernymy: Identifying and Exploiting Hearst Patterns in Distributional Vectors for Lexical Entailment},
  booktitle = {Proceedings of EMNLP},
  month     = {November},
  year      = {2016},
  address   = {Austin, Texas},
  pages     = {2163--2172},
}

@InProceedings{melamud-levy-dagan:2015:VSM-NLP,
  author    = {Melamud, Oren  and  Levy, Omer  and  Dagan, Ido},
  title     = {A {S}imple {W}ord {E}mbedding {M}odel for {L}exical {S}ubstitution},
  booktitle = {Proceedings of the 1st Workshop on Vector Space Modeling for Natural Language Processing},
  year      = {2015},
  address   = {Denver, Colorado},
  pages     = {1--7},
  url       = {http://www.aclweb.org/anthology/W15-1501}
}


@InProceedings{apidianaki:2016:EMNLP2016,
  author    = {Apidianaki, Marianna},
  title     = {Vector-space models for {PPDB} paraphrase ranking in context},
  booktitle = {Proceedings of EMNLP},
  year      = {2016},
  address   = {Austin, Texas},
  pages     = {2028--2034},
  url       = {https://aclweb.org/anthology/D16-1215}
}


@inproceedings{liu13multi,
    author = {Liu, J. and Wang, C. and Gao, J. and Han, J.},
    booktitle = {Proc. of 2013 SIAM Data Mining Conf. (SDM'13)},
    citeulike-article-id = {13598389},
    keywords = {clustering, integration, multiview, nmf},
    posted-at = {2015-04-30 11:39:41},
    priority = {2},
    title = {{Multi-View Clustering via Joint Nonnegative Matrix Factorization}},
    year = {2013}
}



@article{EdmondsandHirst02,
 author = {Edmonds, Philip and Hirst, Graeme},
 title = {{Near-Synonymy and Lexical Choice}},
 journal = {Computational Linguistics},
 volume = {28},
 number = {2},
 year = {2002},
 pages = {105--144},
} 

@InProceedings{faruqui-EtAl:2015:NAACL-HLT,
  author    = {Faruqui, Manaal  and  Dodge, Jesse  and  Jauhar, Sujay Kumar  and  Dyer, Chris  and  Hovy, Eduard  and  Smith, Noah A.},
  title     = {Retrofitting {W}ord {V}ectors to {S}emantic {L}exicons},
  booktitle = {Proceedings of NAACL/HLT},
  year      = {2015},
  address   = {Denver, Colorado},
}


@inproceedings{ApidianakiandGong:15,
    author = {Marianna Apidianaki and Li Gong},
    title = {{LIMSI}: {T}ranslations as {S}ource of {I}ndirect {S}upervision for {M}ultilingual {A}ll-{W}ords {S}ense {D}isambiguation and {E}ntity {L}inking},
    booktitle = {Proceedings of the 9th International Workshop on Semantic Evaluation (SemEval-2015)},
    year = {2015},
    address = {Denver, Colorado, USA}
}

@InProceedings{stanojevic-EtAl:2015:WMT,
  author    = {Stanojevi\'{c}, Milo\v{s}  and  Kamran, Amir  and  Koehn, Philipp  and  Bojar, Ond\v{r}ej},
  title     = {Results of the WMT15 Metrics Shared Task},
  booktitle = {Proceedings of the Tenth Workshop on Statistical Machine Translation},
  month     = {September},
  year      = {2015},
  address   = {Lisbon, Portugal},
  pages     = {256--273},
  url       = {http://aclweb.org/anthology/W15-3031}
}

@InProceedings{mikolovetal:2013,
  author    = {Mikolov, Tomas and Sutskever, Ilya and Chen, Kai and Corrado, Greg and Dean, Jeffrey},
  title     = {Distributed representations of words and phrases and their compositionality},
  booktitle = {Proceedings of NIPS},
    year = 2013
}

@book{fellbaum98wordnet,
  editor = {Fellbaum, Christiane},
  keywords = {WordNet wordnet},
  publisher = {MIT Press},
  title = {{WordNet: an electronic lexical database}},
  year = 1998
}

@InProceedings{camachocollados-pilehvar-navigli:2015:NAACL-HLT,
  author    = {Camacho-Collados, Jos\'{e}  and  Pilehvar, Mohammad Taher  and  Navigli, Roberto},
  title     = {{NASARI}: a {N}ovel {A}pproach to a {S}emantically-{A}ware {R}epresentation of {I}tems},
  booktitle = {Proceedings of NAACL/HLT 2015},
  year      = {2015},
  address   = {Denver, Colorado},
  pages     = {567--577},
  url       = {http://www.aclweb.org/anthology/N15-1059}
}

@InProceedings{camachocollados-pilehvar-navigli:2015:ACL-IJCNLP,
  author    = {Camacho-Collados, Jos\'{e}  and  Pilehvar, Mohammad Taher  and  Navigli, Roberto},
  title     = {A Unified Multilingual Semantic Representation of Concepts},
  booktitle = {Proceedings of the 53rd Annual Meeting of the Association for Computational Linguistics and the 7th International Joint Conference on Natural Language Processing (Volume 1: Long Papers)},
  year      = {2015},
  address   = {Beijing, China},
  pages     = {741--751},
  url       = {http://www.aclweb.org/anthology/P15-1072}
}
@inproceedings{vinh2009information,
	title={Information theoretic measures for clusterings comparison: is a correction for chance necessary?},
	author={Vinh, Nguyen Xuan and Epps, Julien and Bailey, James},
	booktitle={Proceedings of the 26th Annual International Conference on Machine Learning},
	pages={1073--1080},
	year={2009},
	organization={ACM}
}
@article{Biemann:2013,
 author = {Biemann, Chris},
 title = {Creating a {S}ystem for {L}exical {S}ubstitutions from {S}cratch {U}sing {C}rowdsourcing},
 journal = {Language Resources and Evaluation},
 issue_date = {March     2013},
 volume = {47},
 number = {1},
 year = {2013},
 publisher = {Springer-Verlag New York, Inc.},
 pages = {97--122},
} 
@inproceedings{napoles2012annotated,
	title={Annotated {G}igaword},
	author={Napoles, Courtney and Gormley, Matthew and Van Durme, Benjamin},
	booktitle={Proceedings of the Joint Workshop on Automatic Knowledge Base Construction and Web-scale Knowledge Extraction (AKBC-WEKEX)},
	pages={95--100},
	year={2012},
	 address   = {Montreal, Canada},
}
@book{kishida2005property,
	title={Property of average precision and its generalization: An examination of evaluation indicator for information retrieval experiments},
	author={Kishida, Kazuaki},
	year={2005},
	publisher={National Institute of Informatics Tokyo, Japan}
}
@inproceedings{ismu:884893,
	author = "Radim {\v R}eh{\r u}{\v r}ek and Petr Sojka",
	title = "{Software Framework for Topic Modelling with Large Corpora}",
	booktitle = "{Proceedings of the LREC 2010 Workshop on New Challenges for 
	NLP Frameworks}",
	address = {Valletta, Malta},
	year = 2010,
	isbn = "2-9517408-6-7",
	pages = "45--50",
	url = {http://is.muni.cz/publication/884893/en},
}
@article{mikolov2013efficient,
	title={Efficient estimation of word representations in vector space},
	author={Mikolov, Tomas and Chen, Kai and Corrado, Greg and Dean, Jeffrey},
	journal={arXiv preprint arXiv:1301.3781},
	year={2013}
}
@inproceedings{mikolov2013distributed,
	title={Distributed representations of words and phrases and their compositionality},
	author={Mikolov, Tomas and Sutskever, Ilya and Chen, Kai and Corrado, Greg S and Dean, Jeff},
	booktitle={Advances in neural information processing systems},
	pages={3111--3119},
	year={2013}
}
@inproceedings{yu2003multiclass,
	title={Multiclass spectral clustering},
	author={Yu, Stella X and Shi, Jianbo},
	booktitle={Proceedings of International Conference on Computer Vision (ICCV 03)},
	pages={313--319},
	year={2003},
	organization={IEEE}
}
@Inproceedings{Dyvik:98,
  author =       "Helge Dyvik",
  title =        "Translations as {S}emantic {M}irrors: from {P}arallel {C}orpus to {W}ordnet",
  booktitle =    "Proceedings of the ECAI'98 Workshop Multilinguality in the lexicon",
  address =      "Brighton, UK",
  pages =        "24--44",
   year =         "1998"
}

@article{strehl2002cluster,
	title={Cluster ensembles---a knowledge reuse framework for combining multiple partitions},
	author={Strehl, Alexander and Ghosh, Joydeep},
	journal={Journal of machine learning research},
	volume={3},
	number={Dec},
	pages={583--617},
	year={2002}
}
@InProceedings{cocos-callisonburch:2016:N16-1,
  author    = {Cocos, Anne  and  Callison-Burch, Chris},
  title     = {Clustering Paraphrases by Word Sense},
  booktitle = {Proceedings of NAACL/HLT 2016},
  year      = {2016},
  address   = {San Diego, California},
  pages     = {1463--1472},
  url       = {http://www.aclweb.org/anthology/N16-1172}
}



@InProceedings{pavlick-EtAl:2015:ACL-IJCNLP1,
  author    = {Pavlick, Ellie  and  Ganitkevitch, Juri  and  Chan, Tsz Ping  and  Yao, Xuchen  and  Van Durme, Benjamin  and  Callison-Burch, Chris},
  title     = {Domain-{S}pecific {P}araphrase {E}xtraction},
  booktitle = {Proceedings of ACL/IJCNLP},
  month     = {July},
  year      = {2015},
  address   = {Beijing, China},
  pages     = {57--62},
  url       = {http://www.aclweb.org/anthology/P15-2010}
}

@InProceedings{callisonburch:2008:EMNLP,
  author    = {Callison-Burch, Chris},
  title     = {Syntactic {C}onstraints on {P}araphrases {E}xtracted from {P}arallel {C}orpora},
  booktitle = {Proceedings of the 2008 Conference on Empirical Methods in Natural Language Processing},
  month     = {October},
  year      = {2008},
  address   = {Honolulu, Hawaii},
  pages     = {196--205},
  url       = {http://www.aclweb.org/anthology/D08-1021}
}


@InProceedings{bannard-callisonburch:2005:ACL,
   author    = {Bannard, Colin  and  Callison-Burch, Chris},
   title     = {Paraphrasing with {B}ilingual {P}arallel {C}orpora},
   booktitle = {Proceedings of ACL},
   year      = {2005},
   address   = {Ann Arbor, Michigan},
   pages     = {597--604},
   url       = {http://www.aclweb.org/anthology/P05-1074},
 }
 
@InProceedings{pavlick-EtAl:2015:ACL-IJCNLP,
  author    = {Pavlick, Ellie  and  Bos, Johan  and  Nissim, Malvina  and  Beller, Charley  and  Van Durme, Benjamin  and  Callison-Burch, Chris},
  title     = {Adding {S}emantics to {D}ata-{D}riven {P}araphrasing},
  booktitle = {Proceedings of ACL/IJCNLP},
  month     = {July},
  year      = {2015},
  address   = {Beijing, China},
  pages     = {1512--1522},
  url       = {http://www.aclweb.org/anthology/P15-1146}
}

@article{Androutsopoulos:2010:SPT:1892211.1892215,
 author = {Androutsopoulos, Ion and Malakasiotis, Prodromos},
 title = {A {S}urvey of {P}araphrasing and {T}extual {E}ntailment {M}ethods},
 journal = {Journal of Artificial Intelligence Research},
 issue_date = {May 2010},
 volume = {38},
 number = {1},
 year = {2010},
 issn = {1076-9757},
 pages = {135--187},
} 

@inproceedings{Apidianakietal:2014,
    author = {Marianna Apidianaki and Emilia Verzeni and Diana McCarthy},
    title = {Semantic {C}lustering of {P}ivot {P}araphrases},
    booktitle = {Proceedings of LREC},
    year = {2014},
    month = {May},
    date = {26-31},
    address = {Reykjavik, Iceland},
    }
    
    @InProceedings{mccarthy-navigli:07,
  author    = {McCarthy, Diana  and  Navigli, Roberto},
  title     = {{SemEval-2007 Task 10: English Lexical Substitution Task}},
  booktitle = {Proceedings of SemEval},
  year      = {2007},
  address   = {Prague, Czech Republic},
  pages     = {48--53},
  url       = {http://www.aclweb.org/anthology/S/S07/S07-1009}
}


@InProceedings{BarzilayandMckeown:01,
  author    = {Regina Barzilay  and  Kathleen R. McKeown},
  title     = {Extracting {P}araphrases from a {P}arallel {C}orpus},
  booktitle = {Proceedings of 39th Annual Meeting of the ACL},
  month     = {July},
  year      = {2001},
  address   = {Toulouse, France},
  pages     = {50--57},
  url       = {http://www.aclweb.org/anthology/P01-1008},
  doi       = {10.3115/1073012.1073020}
}

@InProceedings{mitchell-lapata:2008:ACLMain,
  author    = {Mitchell, Jeff  and  Lapata, Mirella},
  title     = {Vector-based {M}odels of {S}emantic {C}omposition},
  booktitle = {Proceedings of ACL/HLT},
  year      = {2008},
  address   = {Columbus, Ohio},
  pages     = {236--244},
  url       = {http://www.aclweb.org/anthology/P/P08/P08-1028}
}

@InProceedings{marie-apidianaki:2015:WMT,
  author    = {Marie, Benjamin  and  Apidianaki, Marianna},
  title     = {Alignment-based sense selection in {METEOR} and the {RATATOUILLE} recipe},
  booktitle = {Proceedings of WMT},
  month     = {September},
  year      = {2015},
  address   = {Lisbon, Portugal},
  pages     = {385--391},
  url       = {http://aclweb.org/anthology/W15-3048}
}

@InProceedings{vandecruys-apidianaki:2011:ACL-HLT2011,
  author    = {Van de Cruys, Tim  and  Apidianaki, Marianna},
  title     = {Latent Semantic Word Sense Induction and Disambiguation},
  booktitle = {Proceedings of the 49th Annual Meeting of the ACL: HLT},
  month     = {June},
  year      = {2011},
  address   = {Portland, Oregon, USA},
  pages     = {1476--1485},
  url       = {http://www.aclweb.org/anthology/P11-1148}
}

@article{NavigliPonzetto:12aij,
  author = {Roberto Navigli and Simone Paolo Ponzetto},
 title =   {{B}abel{N}et: {T}he Automatic Construction, Evaluation and Application of a Wide-Coverage Multilingual Semantic Network},
 journal = {Artificial Intelligence},
 year =    {2012},
 volume = {193},
 pages = {217-250}
}

@InProceedings{apidianaki-marie:2015:SSST-9,
  author    = {Apidianaki, Marianna  and  Marie, Benjamin},
  title     = {METEOR-WSD: {I}mproved {S}ense {M}atching in {MT} {E}valuation},
  booktitle = {Proceedings of the Ninth Workshop on Syntax, Semantics and Structure in Statistical Translation},
  year      = {2015},
  address   = {Denver, Colorado, USA},
  pages     = {49--51},
  url       = {http://www.aclweb.org/anthology/W15-1006}
}



@inproceedings{BarzilayandLee:03,
 author = {Barzilay, Regina and Lee, Lillian},
 title = {Learning to {P}araphrase: {A}n {U}nsupervised {A}pproach {U}sing {M}ultiple-sequence {A}lignment},
 booktitle = {Proceedings of NAACL'03 (Vol. 1)},
 year = {2003},
 location = {Edmonton, Canada},
 pages = {16--23},
 numpages = {8},
 url = {http://dx.doi.org/10.3115/1073445.1073448},
 doi = {10.3115/1073445.1073448},
 acmid = {1073448},
 address = {Stroudsburg, PA, USA},
} 

@Article{McCarthyandNavigli:09,
  author =       "Diana~McCarthy and Roberto~Navigli",
  title =        "The {E}nglish lexical substitution task",
  journal =    "Language Resources and Evaluation Special Issue on Computational Semantic Analysis of Language: SemEval-2007 and Beyond",
  volume =  "43",
  number = "2",       
  pages =        "139--159",
  year =         "2009",
}

@article{Snoveretal:2010,
  author = {Snover, Matthew G. and Madnani, Nitin and Dorr, Bonnie J. and Schwartz, Richard M.},
  date = {2010-07-02},
  journal = {Machine Translation},
  keywords = {dblp},
  number = {2-3},
  pages = {117-127},
  timestamp = {2010-07-21T15:46:48.000+0200},
  title = {{TER-Plus: paraphrase, semantic, and alignment enhancements to Translation Edit Rate.}},
  volume = 23,
  year = 2010
}
@inproceedings{mcdm:06,
    author = {M. Marneffe and B. Maccartney and C. Manning},
    title = {Generating {T}yped {D}ependency {P}arses from {P}hrase {S}tructure {P}arses},
    year = {2006},
    address = {Genoa, Italy},
    booktitle = {Proceedings of LREC-2006},
    }
@InProceedings{ganitkevitch-EtAl:2013:NAACL,
   author    = {Juri Ganitkevitch and Benjamin VanDurme and Chris Callison-Burch},
   title     = {{PPDB}: The {P}araphrase {D}atabase},
   booktitle = {Proceedings of NAACL},
   year      = {2013},
   address   = {Atlanta, Georgia},
   url = {http://cis.upenn.edu/~ccb/publications/ppdb.pdf}
 }
 
@InProceedings{denkowski-lavie:2010:WMT,
  author    = {Denkowski, Michael  and  Lavie, Alon},
  title     = {{METEOR-NEXT} and the {METEOR} {P}araphrase {T}ables: {I}mproved {E}valuation {S}upport for {F}ive {T}arget {L}anguages},
  booktitle = {Proceedings of WMT/MetricsMATR},
  month     = {July},
  year      = {2010},
  address   = {Uppsala, Sweden},
  pages     = {339--342},
  url       = {http://www.aclweb.org/anthology/W10-1751}
}


@InProceedings{callisonburch-koehn-osborne:2006:HLT-NAACL06-Main,
  author    = {Callison-Burch, Chris  and  Koehn, Philipp  and  Osborne, Miles},
  title     = {Improved {S}tatistical {M}achine {T}ranslation {U}sing {P}araphrases},
  booktitle = {Proceedings of HLT/NAACL},
  month     = {June},
  year      = {2006},
  address   = {New York City, USA},
  pages     = {17--24},
  url       = {http://www.aclweb.org/anthology/N/N06/N06-1003}
}

@InProceedings{Zhouetal:06,
  author    = {Zhou, Liang  and  Lin, Chin-Yew  and  Hovy, Eduard},
  title     = {{Re-evaluating {M}achine {T}ranslation {R}esults with {P}araphrase {S}upport}},
  booktitle = {Proceedings of the 2006 Conference on Empirical Methods in Natural Language Processing},
  month     = {July},
  year      = {2006},
  address   = {Sydney, Australia},
  pages     = {77--84},
}
@article{kilgarriff1997don,
	title={I don't believe in word senses},
	author={Kilgarriff, Adam},
	journal={Computers and the Humanities},
	volume={31},
	number={2},
	pages={91--113},
	year={1997},
	publisher={Springer}
}
@article{Mikolovetal2013,
  author    = {Tomas Mikolov and
               Kai Chen and
               Greg Corrado and
               Jeffrey Dean},
  title     = {Efficient Estimation of Word Representations in Vector Space},
  journal   = {CoRR},
  year      = {2013},
}
@inproceedings{erk2009investigations,
	title={Investigations on word senses and word usages},
	author={Erk, Katrin and McCarthy, Diana and Gaylord, Nicholas},
	booktitle={Proceedings of the Joint Conference of the 47th Annual Meeting of the ACL and the 4th International Joint Conference on Natural Language Processing of the AFNLP},
	pages={10--18},
	year={2009},
	  address   = {Suntec, Singapore},
}
@InProceedings{erk-pado:2008:EMNLP,
  author    = {Erk, Katrin  and  Pad\'{o}, Sebastian},
  title     = {A {S}tructured {V}ector {S}pace {M}odel for {W}ord {M}eaning in {C}ontext},
  booktitle = {Proceedings of EMNLP},
  month     = {October},
  year      = {2008},
  address   = {Honolulu, Hawaii},
  pages     = {897--906},
  url       = {http://www.aclweb.org/anthology/D08-1094}
}

@InProceedings{madnani-EtAl:2007:WMT,
  author    = {Madnani, Nitin  and  Fazil Ayan, Necip  and  Resnik, Philip  and  Dorr, Bonnie},
  title     = {Using {P}araphrases for {P}arameter {T}uning in {S}tatistical {M}achine {T}ranslation},
  booktitle = {Proceedings of WMT},
  month     = {June},
  year      = {2007},
  address   = {Prague, Czech Republic},
  pages     = {120--127},
  url       = {http://www.aclweb.org/anthology/W/W07/W07-0716}
}

@InProceedings{thater-furstenau-pinkal:2011:IJCNLP-2011,
  author    = {Thater, Stefan  and  F\"{u}rstenau, Hagen  and  Pinkal, Manfred},
  title     = {Word {M}eaning in {C}ontext: A {S}imple and {E}ffective {V}ector {M}odel},
  booktitle = {Proceedings of IJCNLP},
  year      = {2011},
  address   = {Chiang Mai, Thailand},
  pages     = {1134--1143},
  url       = {http://www.aclweb.org/anthology/I11-1127}
}


@InProceedings{thater-furstenau-pinkal:2010:ACL,
  author    = {Thater, Stefan  and  F\"{u}rstenau, Hagen  and  Pinkal, Manfred},
  title     = {Contextualizing {S}emantic {R}epresentations {U}sing {S}yntactically {E}nriched {V}ector {M}odels},
  booktitle = {Proceedings of the 48th Annual Meeting of the Association for Computational Linguistics},
  month     = {July},
  year      = {2010},
  address   = {Uppsala, Sweden},
  pages     = {948--957},
  url       = {http://www.aclweb.org/anthology/P10-1097}
}


 
 
 
